<?xml version="1.0" encoding="UTF-8"?><collection xmlns="http://www.loc.gov/MARC21/slim"><record><leader>00427nam--2200157-i-4500</leader><controlfield tag="001">000000972</controlfield><controlfield tag="002">20161230</controlfield><controlfield tag="005">20161230201024</controlfield><controlfield tag="008">060222s1000------------r-----000-0-eng-d</controlfield><datafield ind1=" " ind2=" " tag="040"><subfield code="a">IFIN-HH</subfield></datafield><datafield ind1=" " ind2=" " tag="080"><subfield code="a">517.937:517.983</subfield></datafield><datafield ind1=" " ind2=" " tag="100"><subfield code="a">Hellwig, Gunter</subfield></datafield><datafield ind1=" " ind2=" " tag="245"><subfield code="a">Differentialoperatoren der mathematischen physik</subfield></datafield><datafield ind1=" " ind2=" " tag="260"><subfield code="a">Berlin, Springer-verlag, 1964. Xi + 253 P</subfield></datafield><datafield ind1=" " ind2=" " tag="852"><subfield code="a">76728</subfield><subfield code="c">517.9</subfield></datafield><datafield ind1=" " ind2=" " tag="CAT"><subfield code="a">Sys</subfield><subfield code="c">20090528</subfield><subfield code="h">085021</subfield></datafield></record></collection>